@Misc{lambdoma,
    Author = {Barbara Hero},
    title =  {Lambdoma Keyboard},
    year =   1996,
    note =   {Retrieved Nov 3, 2016 from
             \url{http://www.lambdoma.com/keyboard.php}},
}

@Misc{seaboard,
    Author = {Roland Lamb},
    title =  {Roli Seaboard},
    year =   2011,
    note =   {Retrieved Nov 3, 2016 from
             \url{http://www.needforkeys.com/blog/the-seaboard-grand-redefining-the-keyboard}},
}

@Misc{mimu,
    Author = {The Mi.Mu Team},
    title =  {The Mi.Mu Gloves},
    year =   2012,
    note =   {Retrieved Nov 3, 2016 from
             \url{ http://MimuGloves.com }},
}

@Misc{linnstrument,
    Author = {Roger Linn},
    title =  {Linnstrument},
    year =   2014,
    note =   {Retrieved Nov 3, 2016 from
             \url{ http://www.rogerlinndesign.com/linnstrument.html }},
}

@Misc{omnichord,
    Author = {Suzuki Music},
    title =  {Omnichord Heaven},
    year =   2014,
    note =   {Retrieved Nov 3, 2016 from
             \url{ http://www.suzukimusic.co.uk/omnichord-heaven/index.html }},
}

@Misc{jacquard,
    author = {Poupyrev, Ivan and Gong, Nan-Wei and Fukuhara, Shiho and Karagozler, Mustafa Emre and Schwesig, Carsten and Robinson, Karen E.},
    title = {Project Jacquard: Interactive Digital Textiles at Scale},
    booktitle = {Proceedings of the 2016 CHI Conference on Human Factors in Computing Systems},
    series = {CHI '16},
    year = {2016},
    isbn = {978-1-4503-3362-7},
    location = {Santa Clara, California, USA},
    pages = {4216--4227},
    numpages = {12},
    url = {http://doi.acm.org/10.1145/2858036.2858176},
    doi = {10.1145/2858036.2858176},
    acmid = {2858176},
    publisher = {ACM},
    address = {New York, NY, USA},
    keywords = {information interfaces and presentation},
}

@Misc{lumospheres,
    author = {Koike, Hideki and Yamaguchi, Hiroaki},
    title = {LumoSpheres: Real-time Tracking of Flying Objects and Image Projection for a Volumetric Display},
    booktitle = {Proceedings of the 6th Augmented Human International Conference},
    series = {AH '15},
    year = {2015},
    isbn = {978-1-4503-3349-8},
    location = {Singapore, Singapore},
    pages = {93--96},
    numpages = {4},
    url = {http://doi.acm.org/10.1145/2735711.2735824},
    doi = {10.1145/2735711.2735824},
    acmid = {2735824},
    publisher = {ACM},
    address = {New York, NY, USA},
}

@Misc{bubblewrap,
    author = {Bau, Olivier and Petrevski, Uros and Mackay, Wendy},
    title = {BubbleWrap: A Textile-based Electromagnetic Haptic Display},
    booktitle = {CHI '09 Extended Abstracts on Human Factors in Computing Systems},
    series = {CHI EA '09},
    year = {2009},
    isbn = {978-1-60558-247-4},
    location = {Boston, MA, USA},
    pages = {3607--3612},
    numpages = {6},
    url = {http://doi.acm.org/10.1145/1520340.1520542},
    doi = {10.1145/1520340.1520542},
    acmid = {1520542},
    publisher = {ACM},
    address = {New York, NY, USA},
    keywords = {actuators, firmness control, haptic display, shape changing display},
}

@inproceedings{shadepixel,
    author = {Kim, Hyunjung and Lee, Woohun},
    title = {Shade Pixel},
    booktitle = {ACM SIGGRAPH 2008 Posters},
    series = {SIGGRAPH '08},
    year = {2008},
    isbn = {978-1-60558-466-9},
    location = {Los Angeles, California},
    pages = {34:1--34:1},
    articleno = {34},
    numpages = {1},
    url = {http://doi.acm.org/10.1145/1400885.1400922},
    doi = {10.1145/1400885.1400922},
    acmid = {1400922},
    publisher = {ACM},
    address = {New York, NY, USA},
}

